@article{manes2019art,
  title={The art, science, and engineering of fuzzing: A survey},
  author={Man{\`e}s, Valentin JM and Han, HyungSeok and Han, Choongwoo and Cha, Sang Kil and Egele, Manuel and Schwartz, Edward J and Woo, Maverick},
  journal={IEEE Transactions on Software Engineering},
  volume={47},
  number={11},
  pages={2312--2331},
  year={2019},
  publisher={IEEE}
}

@online{wang2022,
  title = {The Progress, Challenges, and Perspectives of Directed Greybox Fuzzing},
  author = {Wang, Pengfei and Zhou, Xu and Lu, Kai and Yue, Tai and Liu, Yingying},
  year = {2022},
  number = {arXiv:2005.11907},
  eprint = {2005.11907},
  primaryclass = {cs},
  publisher = {arXiv},
  urldate = {2023-03-14},
  archiveprefix = {arxiv},
  langid = {english}
}
@inproceedings{ma2011directed,
  title={Directed symbolic execution},
  author={Ma, Kin-Keung and Yit Phang, Khoo and Foster, Jeffrey S and Hicks, Michael},
  booktitle={Static Analysis: 18th International Symposium, SAS 2011, Venice, Italy, September 14-16, 2011. Proceedings 18},
  pages={95--111},
  year={2011},
  organization={Springer}
}