% !Mode:: "TeX:UTF-8"
@article{miller1990empirical,
  title={An empirical study of the reliability of UNIX utilities},
  author={Miller, Barton P and Fredriksen, Lars and So, Bryan},
  journal={Communications of the ACM},
  volume={33},
  number={12},
  pages={32--44},
  year={1990},
  publisher={ACM New York, NY, USA}
}

@article{manes2019art,
  title={The art, science, and engineering of fuzzing: A survey},
  author={Man{\`e}s, Valentin JM and Han, HyungSeok and Han, Choongwoo and Cha, Sang Kil and Egele, Manuel and Schwartz, Edward J and Woo, Maverick},
  journal={IEEE Transactions on Software Engineering},
  volume={47},
  number={11},
  pages={2312--2331},
  year={2019},
  publisher={IEEE}
}

@online{wang2022,
  title = {The Progress, Challenges, and Perspectives of Directed Greybox Fuzzing},
  author = {Wang, Pengfei and Zhou, Xu and Lu, Kai and Yue, Tai and Liu, Yingying},
  year = {2022},
  number = {arXiv:2005.11907},
  eprint = {2005.11907},
  primaryclass = {cs},
  publisher = {arXiv},
  urldate = {2023-03-14},
  archiveprefix = {arxiv},
  langid = {english}
}

@inproceedings{ma2011directed,
  title={Directed symbolic execution},
  author={Ma, Kin-Keung and Yit Phang, Khoo and Foster, Jeffrey S and Hicks, Michael},
  booktitle={Static Analysis: 18th International Symposium, SAS 2011, Venice, Italy, September 14-16, 2011. Proceedings 18},
  pages={95--111},
  year={2011},
  organization={Springer}
}

@inproceedings{ganesh2009taint,
  title={Taint-based directed whitebox fuzzing},
  author={Ganesh, Vijay and Leek, Tim and Rinard, Martin},
  booktitle={2009 IEEE 31st International Conference on Software Engineering},
  pages={474--484},
  year={2009},
  organization={IEEE}
}

@article{person2011directed,
  title={Directed incremental symbolic execution},
  author={Person, Suzette and Yang, Guowei and Rungta, Neha and Khurshid, Sarfraz},
  journal={Acm Sigplan Notices},
  volume={46},
  number={6},
  pages={504--515},
  year={2011},
  publisher={ACM New York, NY, USA}
}

@inproceedings{do2013dynamic,
  title={Dynamic symbolic execution guided by data dependency analysis for high structural coverage},
  author={Do, TheAnh and Fong, Alvis Cheuk M and Pears, Russel},
  booktitle={Evaluation of Novel Approaches to Software Engineering: 7th International Conference, ENASE 2012, Warsaw, Poland, June 29-30, 2012, Revised Selected Papers 7},
  pages={3--15},
  year={2013},
  organization={Springer}
}

@inproceedings{ge2011dyta,
  title={DyTa: dynamic symbolic execution guided with static verification results},
  author={Ge, Xi and Taneja, Kunal and Xie, Tao and Tillmann, Nikolai},
  booktitle={Proceedings of the 33rd International Conference on Software Engineering},
  pages={992--994},
  year={2011}
}

@inproceedings{li2013software,
  title={Software vulnerability detection using backward trace analysis and symbolic execution},
  author={Li, Hongzhe and Kim, Taebeom and Bat-Erdene, Munkhbayar and Lee, Heejo},
  booktitle={2013 International Conference on Availability, Reliability and Security},
  pages={446--454},
  year={2013},
  organization={IEEE}
}

@online{Heartbleed,
  title = {Heartbleed - A vulnerability in OpenSSL},
  url = {https://heartbleed.com/},
  urldate = {2023-05-13}
}

@inproceedings{marinescu2013katch,
  title={KATCH: High-coverage testing of software patches},
  author={Marinescu, Paul Dan and Cadar, Cristian},
  booktitle={Proceedings of the 2013 9th Joint Meeting on Foundations of Software Engineering},
  pages={235--245},
  year={2013}
}

@inproceedings{bohmeDGF2017,
  title = {Directed Greybox Fuzzing},
  booktitle = {Proceedings of the 2017 ACM SIGSAC Conference on Computer and Communications Security},
  author = {B{\"o}hme, Marcel and Pham, Van-Thuan and Nguyen, Manh-Dung and Roychoudhury, Abhik},
  year = {2017},
  pages = {2329--2344},
  publisher = {ACM},
  address = {Dallas Texas USA},
  doi = {10.1145/3133956.3134020},
  urldate = {2023-03-14},
  isbn = {978-1-4503-4946-8},
  langid = {english}
}